<record><leader>00000cas a2200000 a 4500</leader><controlfield tag="001">12621744</controlfield><controlfield tag="008">851001c19329999ksudn ne      0   a0eng d</controlfield><datafield ind1=" " ind2=" " tag="010"><subfield code="a">sn 85030827 </subfield></datafield><datafield ind1=" " ind2=" " tag="040"><subfield code="a">KSH</subfield><subfield code="b">eng</subfield><subfield code="c">KSH</subfield><subfield code="d">NPT</subfield><subfield code="d">NSD</subfield><subfield code="d">OCLCQ</subfield></datafield><datafield ind1=" " ind2=" " tag="012"><subfield code="m">1</subfield></datafield><datafield ind1="1" ind2=" " tag="022"><subfield code="a">0893-0562</subfield><subfield code="l">0893-0562</subfield><subfield code="2">1</subfield></datafield><datafield ind1=" " ind2=" " tag="032"><subfield code="a">222460</subfield><subfield code="b">USPS</subfield></datafield><datafield ind1=" " ind2=" " tag="037"><subfield code="b">Goodland Pub. Co., 1205 Main St., Goodland, Kan. 67735</subfield></datafield><datafield ind1=" " ind2=" " tag="042"><subfield code="a">msc</subfield><subfield code="a">nsdp</subfield></datafield><datafield ind1=" " ind2="4" tag="222"><subfield code="a">The Goodland daily news</subfield></datafield><datafield ind1="0" ind2="4" tag="245"><subfield code="a">The Goodland daily news.</subfield></datafield><datafield ind1=" " ind2=" " tag="260"><subfield code="a">Goodland, Kan. :</subfield><subfield code="b">Western Kansas Pub. Co.,</subfield><subfield code="c">1932-</subfield></datafield><datafield ind1=" " ind2=" " tag="300"><subfield code="a">v. :</subfield><subfield code="b">ill. ;</subfield><subfield code="c">45-55 cm.</subfield></datafield><datafield ind1=" " ind2=" " tag="310"><subfield code="a">Daily (except Sunday &amp; major holidays),</subfield><subfield code="b">&lt;Feb. 14, 1987-&gt;</subfield></datafield><datafield ind1=" " ind2=" " tag="321"><subfield code="a">Daily (except Sunday),</subfield><subfield code="b">Oct. 3, 1932-</subfield></datafield><datafield ind1="0" ind2=" " tag="362"><subfield code="a">Vol. 1, no. 1 (Oct. 3, 1932)-</subfield></datafield><datafield ind1=" " ind2=" " tag="580"><subfield code="a">Issued also in a weekly edition called: Goodland news-republic, Oct. 3, 1932-Dec. 29, 1948.</subfield></datafield><datafield ind1=" " ind2=" " tag="588"><subfield code="a">Latest issue consulted: Vol. 53, no. 113 (Saturday, Feb. 14, 1987).</subfield></datafield><datafield ind1=" " ind2=" " tag="752"><subfield code="a">United States</subfield><subfield code="b">Kansas</subfield><subfield code="c">Sherman</subfield><subfield code="d">Goodland.</subfield></datafield><datafield ind1="1" ind2=" " tag="775"><subfield code="t">Goodland news-republic</subfield><subfield code="w">(DLC)sn 85030826</subfield></datafield><datafield ind1="0" ind2="5" tag="780"><subfield code="t">Goodland news-republic</subfield><subfield code="g">Dec. 29, 1948</subfield><subfield code="w">(DLC)sn 85030826</subfield></datafield></record>